<?xml version="1.0" encoding="UTF-8"?><collection xmlns="http://www.loc.gov/MARC21/slim"><record><leader>00459nam--2200133-i-4500</leader><controlfield tag="001">000001682</controlfield><controlfield tag="002">20161230</controlfield><controlfield tag="005">20161230201024</controlfield><controlfield tag="008">060222s1000------------r-----000-0-eng-d</controlfield><datafield ind1=" " ind2=" " tag="080"><subfield code="a">543.064:547:015</subfield></datafield><datafield ind1=" " ind2=" " tag="100"><subfield code="a">Godbillon, Jacques</subfield></datafield><datafield ind1=" " ind2=" " tag="245"><subfield code="a">Syntheses des nucleosides et nucleotides pyrimidiniques marques au carbone 14, par l intermediaire de derives trimethylsilyles et lithies.these</subfield></datafield><datafield ind1=" " ind2=" " tag="260"><subfield code="a">Paris, L Universite De Paris Vi, 1972. 180 P</subfield></datafield><datafield ind1=" " ind2=" " tag="852"><subfield code="a">38118</subfield></datafield></record></collection>